<?xml version="1.0" encoding="UTF-8"?><record xmlns="http://www.loc.gov/MARC21/slim" xmlns:cinclude="http://apache.org/cocoon/include/1.0" xmlns:zs="http://www.loc.gov/zing/srw/">
  <leader>00635nz  a2200145n  4500</leader>
  <controlfield tag="001">no2012000545</controlfield>
  <controlfield tag="003">DLC</controlfield>
  <controlfield tag="005">20120106075310.0</controlfield>
  <controlfield tag="008">120103n| acannaabn          |a ana      </controlfield>
  <datafield tag="010" ind1=" " ind2=" ">
    <subfield code="a">no2012000545</subfield>
  </datafield>
  <datafield tag="035" ind1=" " ind2=" ">
    <subfield code="a">(OCoLC)oca09075969</subfield>
  </datafield>
  <datafield tag="040" ind1=" " ind2=" ">
    <subfield code="a">Nz</subfield>
    <subfield code="b">eng</subfield>
    <subfield code="c">Nz</subfield>
  </datafield>
  <datafield tag="110" ind1="2" ind2=" ">
    <subfield code="a">Manukau Institute of Technology.</subfield>
    <subfield code="b">School of Foundation Studies</subfield>
  </datafield>
  <datafield tag="410" ind1="2" ind2=" ">
    <subfield code="a">Manukau Institute of Technology.</subfield>
    <subfield code="b">Faculty of Education and Social Sciences.</subfield>
    <subfield code="b">School of Foundation Studies</subfield>
  </datafield>
  <datafield tag="670" ind1=" " ind2=" ">
    <subfield code="a">Foundation education, via WWW, Dec. 16, 2011:</subfield>
    <subfield code="b">Aug. 2011, t.p. of .pdf (Manukau Institute of Technology; Faculty of Education and Social Sciences, School of Foundation Studies)</subfield>
  </datafield>
</record>